@article{brun1997root,
  title={ROOTâ€”An object oriented data analysis framework},
  author={Brun, Rene and Rademakers, Fons},
  journal={Nuclear instruments and methods in physics research section A: accelerators, spectrometers, detectors and associated equipment},
  volume={389},
  number={1-2},
  pages={81--86},
  year={1997},
  publisher={Elsevier}
}

@book{sussman2015structure,
  title={Structure and interpretation of classical mechanics},
  author={Sussman, Gerald Jay and Wisdom, Jack},
  year={2015},
  publisher={The MIT Press}
}

@book{sussman2013functional,
  title={Functional differential geometry},
  author={Sussman, Gerald Jay and Wisdom, Jack},
  year={2013},
  publisher={The MIT Press}
}

@article{sussman2002role,
  title={The role of programming in the formulation of ideas},
  author={Sussman, Gerald Jay and Wisdom, Jack},
  journal={AI Memo, Artificial Intelligence Laboratory, MIT},
  volume={18},
  year={2002}
}

@inproceedings{hickey2008clojure,
  title={The {Clojure} programming language},
  author={Hickey, Rich},
  booktitle={Proceedings of the 2008 symposium on Dynamic languages},
  pages={1--1},
  year={2008}
}

@misc{wilkerson2022jank,
  title = {The jank programming language},
  author = {Wilkerson, Jeaye},
  howpublished = {https://jank-lang.org},
  note = {Accessed: 2023-12-09}
}

@misc{root2023python,
  title = {Passing {Python} callables to {C++}},
  author = {CERN ROOT Manual},
  howpublished = {https://root.cern/manual/python},
  note = {Accessed: 2023-12-09}
}

@misc{clojure2023state,
  title = {State of {Clojure} 2023 Results},
  author = {Clojure.org},
  howpublished = {https://clojure.org/news/2023/06/30/state-of-clojure-2023},
  note = {Accessed: 2023-12-09}
}

@misc{kundu2023efficient,
  title={Efficient and Accurate Automatic {Python} Bindings with cppyy \& Cling},
  author={Baidyanath Kundu and Vassil Vassilev and Wim Lavrijsen},
  year={2023},
  eprint={2304.02712},
  archivePrefix={arXiv},
  primaryClass={cs.PL}
}

@misc{akkaya2020ferret,
  title = {Ferret Programmer's Manual},
  author = {Akkaya, Nurullah},
  howpublished = {https://ferret-lang.org},
  note = {Accessed: 2023-12-09}
}

@misc{kloimw2023lisroot,
  title = {{LisRoot}},
  author = {Kloimwieder, Markus},
  howpublished = {https://github.com/kloimhardt/LisRoot},
  note = {Accessed: 2023-12-09}
}

@article{behnel2010cython,
  title={Cython: The best of both worlds},
  author={Behnel, Stefan and Bradshaw, Robert and Citro, Craig and Dalcin, Lisandro and Seljebotn, Dag Sverre and Smith, Kurt},
  journal={Computing in Science \& Engineering},
  volume={13},
  number={2},
  pages={31--39},
  year={2010},
  publisher={IEEE}
}

@misc{metosin2023malli,
  title = {malli},
  author = {Metosin},
  howpublished = {https://github.com/metosin/malli},
  note = {Accessed: 2023-12-09}
}

@misc{meta2023react,
  title = {React},
  author = {Meta and community},
  howpublished = {https://react.dev/learn},
  note = {Accessed: 2023-12-09}
}

@article{eschle2023potential,
  title={Potential of the {Julia} programming language for high energy physics computing},
  author={Eschle, Jonas and G{\'a}l, Tam{\'a}s and Giordano, Mos{\`e} and Gras, Philippe and Hegner, Benedikt and Heinrich, Lukas and Hernandez Acosta, Uwe and Kluth, Stefan and Ling, Jerry and Mato, Pere and others},
  journal={Computing and Software for Big Science},
  volume={7},
  number={1},
  pages={10},
  year={2023},
  publisher={Springer}
}

@misc{graham2002revenge,
  title = {Revenge of the Nerds},
  author = {Graham, Paul},
  howpublished = {http://www.paulgraham.com/icad.html},
  note = {Accessed: 2023-12-09}
}

@techreport{naumann2008role,
  title={The role of interpreters in high performance computing},
  author={Naumann, Axel and Canal, Philippe},
  year={2008},
  institution={Fermi National Accelerator Lab.(FNAL), Batavia, IL (United States)}
}